@article{He,
 author = {He, Yong and Foley, Tim and Fatahalian, Kayvon},
 title = {A System for Rapid Exploration of Shader Optimization Choices},
 journal = {ACM Trans. Graph.},
 year = {2016},
 pages = {112:1--112:12},
 url = {http://doi.acm.org/10.1145/2897824.2925923},
 publisher = {ACM},
 address = {New York, NY, USA},
} 

@inproceedings{Jensen,
 author = {Jensen, Peter Dahl Ejby and Francis, Nicholas and Larsen, Bent Dalgaard and Christensen, Niels J{\o}rgen},
 title = {Interactive Shader Development},
 booktitle = {Proceedings of the 2007 ACM SIGGRAPH Symposium on Video Games},
 year = {2007},
 location = {San Diego, California},
 pages = {89--95},
 url = {http://doi.acm.org/10.1145/1274940.1274959},
 publisher = {ACM},
 address = {New York, NY, USA},
}

@inproceedings{Ogak,
 author = {Ogaki, Shinji},
 title = {Shader Development at OLM},
 booktitle = {SIGGRAPH Asia 2015 R and D in the Video Game Industry},
 year = {2015},
 location = {Kobe, Japan},
 pages = {5:1--5:2},
 url = {http://doi.acm.org/10.1145/2818419.2818423},
 publisher = {ACM},
 address = {New York, NY, USA},
} 

@inproceedings{Fische,
 author = {Fischer, Jan and Whittaker, David and Lefohn, Aaron and Gooch, Bruce},
 title = {Semiautomatic Shader Code Generation for Rendering Voxelized Polygonal Models},
 booktitle = {Proceedings of the 2008 Symposium on Interactive 3D Graphics and Games},
 year = {2008},
 location = {Redwood City, California},
 pages = {14:1--14:1},
 url = {http://doi.acm.org/10.1145/1342250.1357026},
 publisher = {ACM},
 address = {New York, NY, USA},
} 

@article{He:2015,
 author = {He, Yong and Foley, Tim and Tatarchuk, Natalya and Fatahalian, Kayvon},
 title = {A System for Rapid, Automatic Shader Level-of-detail},
 journal = {ACM Trans. Graph.},
 year = {2015},
 pages = {187:1--187:12},
 url = {http://doi.acm.org/10.1145/2816795.2818104},
 publisher = {ACM},
 address = {New York, NY, USA},
} 

@INPROCEEDINGS{Pathak,
author={S. K. Pathak},
booktitle={Confluence 2013: The Next Generation Information Technology Summit (4th International Conference)},
title={3D graphics hardware and role of shaders},
year={2013},
pages={351-356},
publisher = {IEEE},
url = {http://ieeexplore.ieee.org/document/6832355/}
}