@web{Steam,
 author = {Valve Corporation},
 title = {Steampowered [Online] Accessed on 08-03-2017},
 year = {2017},
 url = {http://store.steampowered.com/}
} 

@web{SteamSpy,
 author = {Sergey Galyonkin},
 title = {SteamSpy [Online] Accessed on 08-03-2017},
 year = {2017},
 url = {http://steamspy.com/}
} 
@web{Itch,
 author = {Itch Corp},
 title = {Itch.io [Online] Accessed on 08-03-2017},
 year = {2017},
 url = {https://itch.io}
} 
@web{Meta,
 author = {CBS Interactive Inc},
 title = {Meta Critic [Online] Accessed on 08-03-2017},
 year = {2017},
 url = {http://www.metacritic.com/}
} 
@Article{INC,
 author = {Mandy Porta},
 title = {How To Define Your Target Market [Online] Accessed on 08-03-2017},
 year = {2017},
 url = {http://store.steampowered.com/}
} 
